%% This BibTeX bibliography file was created using BibDesk.
%% http://bibdesk.sourceforge.net/

%% Saved with string encoding Unicode (UTF-8) 

@online{verge2011android,
	title={Android: A visual history},
	author={Verge Staff},
	year={2011},
	url={http://www.theverge.com/2011/12/7/2585779/android-history},
	urldate={2011-12-7}
}

@online{devandroiddash,
	title={Platform Versions},
	author={Android developer},
	year={2017},
	url={https://developer.android.com/about/dashboards/index.html#Screens}
}

@online{devandroidintent,
	title={Intents and Intent Filters},
	author={Android developer},
	year={2017},
	url={https://developer.android.com/guide/components/intents-filters.html#Types}
}

@online{devandroifundamentals,
	title={Application Fundamentals},
	author={Android developer},
	year={2017},
	url={https://developer.android.com/guide/components/fundamentals.html}
}

@online{devandroidactivity,
	title={Intents and Intent Filters},
	author={Android developer},
	year={2017},
	url={https://developer.android.com/guide/components/activities/index.htmls}
}
@book{hartman2006linux,
	title={Linux Kernel in a Nutshell},
	author={Greg Kroah-Hartman},
	pages={3},
	year={2006},
	publisher={O'Reilly Media}
}


@book{pastor2007evolution,
  title={Evolution and structure of the Internet: A statistical physics approach},
  author={Pastor-Satorras, Romualdo and Vespignani, Alessandro},
  pages={10--11},
  year={2007},
  publisher={Cambridge University Press}
}

@online{vogel2016android,
	title={Android development with Android Studio - Tutorial},
	author={Lars Vogel},
	year={2016},
	url={http://www.vogella.com/tutorials/Android/article.html},
	urldate={2016-06-20}
}

@book{elenkov2014android,
	title={Android Security Internals: An In-Depth Guide to Android's Security Architecture},
	author={Elenkov, N.},
	isbn={9781593275815},
	lccn={2014952666},
	url={https://books.google.it/books?id=y11NBQAAQBAJ},
	year={2014},
	publisher={No Starch Press}
}

@online{secure2017android,
	title={Security-Enhanced Linux in Android},
	author={Android},
	year={2017},
	url={https://source.android.com/security/selinux/}
}

@book{tanenbaum2010distributed,
	title={Distributed Systems Principles And Paradigms 2Nd Ed.},
	author={Tanenbaum, A.S. and Van Steen, M.},
	isbn={9788120334984},
	url={https://books.google.it/books?id=Fs4YrgEACAAJ},
	year={2010},
	publisher={Prentice-Hall Of India Pvt. Limited}
}

%inizio fonti di fede... da togliere%


@book{vasseur2010interconnecting,
  title={Interconnecting smart objects with ip: The next internet},
  author={Vasseur, Jean-Philippe and Dunkels, Adam},
  year={2010},
  publisher={Morgan Kaufmann}
}

@article{ashton2009internet,
  title={That ‘internet of things’ thing},
  author={Ashton, Kevin},
  journal={RFiD Journal},
  volume={22},
  number={7},
  pages={97--114},
  year={2009}
}

@phdthesis{guinard2011web,
  title={A web of things application architecture-Integrating the real-world into the web},
  author={Guinard, Dominique},
  year={2011},
  school={Citeseer}
}

@inproceedings{beigl2003smart,
  title={Smart-its: An embedded platform for smart objects},
  author={Beigl, Michael and Gellersen, Hans},
  booktitle={Smart Objects Conference (sOc)},
  volume={2003},
  year={2003}
}

@article{zaslavsky2013sensing,
  title={Sensing as a service and big data},
  author={Zaslavsky, Arkady and Perera, Charith and Georgakopoulos, Dimitrios},
  journal={arXiv preprint arXiv:1301.0159},
  year={2013}
}

@online{4VsIMBInfographic,
  title={The four V's of Big Data},
  author={IBM Big Data \& Analytics Hub},
  year={2013},
  url={http://www.ibmbigdatahub.com/infographic/four-vs-big-data},
  urldate={2016-08-11}
}

@online{batchProcessingStreamProcessing,
  title={Differences between batch processing and stream processing},
  author={Quora},
  year={2014},
  url={https://www.quora.com/What-are-the-differences-between-batch-processing-and-stream-processing-systems},
  urldate={2016-08-11}
}

@online{streamProcessingRealtimeProcessing,
  title={Differences between real time processing and stream processing},
  author={Quora},
  year={2012},
  url={https://www.quora.com/Whats-the-difference-between-real-time-processing-and-stream-processing},
  urldate={2016-08-11}
}

@online{hackedJeepOnHighway,
  title={Hackers Remotely Kill a Jeep on the Highway—With Me in It},
  author={Wired},
  year={2015},
  url={https://www.wired.com/2015/07/hackers-remotely-kill-jeep-highway/},
  urldate={2016-08-12}
}

@online{carHackingImpossible,
  title={Why Car Hacking Is Nearly Impossible},
  author={Scientific American},
  year={2016},
  url={http://www.scientificamerican.com/article/why-car-hacking-is-nearly-impossible/},
  urldate={2016-08-12}
}

@online{epcStandard,
  title={GS1 EPCglobal Architecture Framework},
  author={EPC Global},
  year={2015},
  url={http://www.gs1.org/sites/default/files/docs/architecture/EPC_architecture_1_7-framework-May-2015.pdf},
  urldate={2016-08-22}
}

@online{beaconMuseum,
  title={Beacons: Exploring Location-Based Technology in Museums},
  author={MediaLab Intern},
  year={2015},
  url={http://www.metmuseum.org/blogs/digital-underground/2015/beacons},
  urldate={2016-08-24}
}

@online{applehomekitprotocol,
  title={Apple HomeKit Accessory Protocol},
  author={Quora},
  year={2015},
  url={https://www.quora.com/What-protocol-does-HomeKit-use-to-communicate-with-its-devices},
  urldate={2016-09-08}
}

@online{soap,
  title={SOAP 1.2 Specifications},
  author={W3C},
  year={2007},
  url={https://www.w3.org/TR/soap12/},
  urldate={2016-09-12}
}

@online{jsondef,
  title={Introducing JSON},
  author={W3C},
  year={2007},
  url={http://www.w3schools.com/xml/xml_soap.asp},
  urldate={2016-09-12}
}

@online{soapMessage,
  title={SOAP message definition},
  author={Standard ECMA},
  year={1999},
  url={http://www.json.org},
  urldate={2016-09-28}
}

@online{jsonlddraft,
  title={A JSON-based Serialization for Linked Data},
  author={W3C},
  year={2014},
  url={https://www.w3.org/TR/json-ld/#design-goals-and-rationale},
  urldate={2016-09-28}
}

@online{w3cwot,
  title={WoT Current Practices - Unofficial draft},
  author={W3C},
  year={2016},
  url={http://w3c.github.io/wot/current-practices/wot-practices.html#temperature-sensor},
  urldate={2016-10-01}
}

@article{lukoianova2014veracity,
  title={Veracity roadmap: Is big data objective, truthful and credible?},
  author={Lukoianova, Tatiana and Rubin, Victoria L},
  journal={Advances in Classification Research Online},
  volume={24},
  number={1},
  pages={4--15},
  year={2014}
}

@article{bui2012internet,
  title={The internet of energy: a web-enabled smart grid system},
  author={Bui, Nicola and Castellani, Angelo P and Casari, Paolo and Zorzi, Michele},
  journal={IEEE Network},
  volume={26},
  number={4},
  pages={39--45},
  year={2012},
  publisher={IEEE}
}

@article{farooq2015critical,
  title={A critical analysis on the security concerns of internet of things (IoT)},
  author={Farooq, MU and Waseem, Muhammad and Khairi, Anjum and Mazhar, Sadia},
  journal={International Journal of Computer Applications},
  volume={111},
  number={7},
  year={2015},
  publisher={Foundation of Computer Science}
}

@article{akyildiz2002wireless,
  title={Wireless sensor networks: a survey},
  author={Akyildiz, Ian F and Su, Weilian and Sankarasubramaniam, Yogesh and Cayirci, Erdal},
  journal={Computer networks},
  volume={38},
  number={4},
  pages={393--422},
  year={2002},
  publisher={Elsevier}
}

@techreport{franks1999http,
  title={HTTP authentication: Basic and digest access authentication},
  author={Franks, John and Hallam-Baker, Phillip and Hostetler, Jeffrey and Lawrence, Scott and Leach, Paul and Luotonen, Ari and Stewart, Lawrence},
  year={1999}
}

@article{yu2008understanding,
  title={Understanding mashup development},
  author={Yu, Jin and Benatallah, Boualem and Casati, Fabio and Daniel, Florian},
  journal={IEEE Internet computing},
  volume={12},
  number={5},
  pages={44--52},
  year={2008},
  publisher={IEEE}
}

@article{wilde2007putting,
  title={Putting things to REST},
  author={Wilde, Erik},
  journal={School of Information},
  year={2007}
}

@article{hardt2012oauth,
  title={The OAuth 2.0 authorization framework},
  author={Hardt, Dick},
  year={2012}
}

@article{romer2010real,
  title={Real-time search for real-world entities: A survey},
  author={Romer, Kay and Ostermaier, Benedikt and Mattern, Friedemann and Fahrmair, Michael and Kellerer, Wolfgang},
  journal={Proceedings of the IEEE},
  volume={98},
  number={11},
  pages={1887--1902},
  year={2010},
  publisher={IEEE}
}

@book{morville2005ambient,
  title={Ambient findability: What we find changes who we become},
  author={Morville, Peter},
  year={2005},
  publisher={" O'Reilly Media, Inc."}
}

@article{cha2009trust,
  title={Trust in M2M communication},
  author={Cha, Inhyok and Shah, Yogendra and Schmidt, Andreas U and Leicher, Andreas and Meyerstein, Michael Victor},
  journal={IEEE Vehicular Technology Magazine},
  volume={4},
  number={3},
  pages={69--75},
  year={2009},
  publisher={IEEE}
}

@incollection{alonso2004web,
  title={Web services},
  author={Alonso, Gustavo and Casati, Fabio and Kuno, Harumi and Machiraju, Vijay},
  booktitle={Web Services},
  pages={123--149},
  year={2004},
  publisher={Springer}
}

@inproceedings{pautasso2008restful,
  title={Restful web services vs. big'web services: making the right architectural decision},
  author={Pautasso, Cesare and Zimmermann, Olaf and Leymann, Frank},
  booktitle={Proceedings of the 17th international conference on World Wide Web},
  pages={805--814},
  year={2008},
  organization={ACM}
}

@article{curbera2002unraveling,
  title={Unraveling the Web services web: an introduction to SOAP, WSDL, and UDDI},
  author={Curbera, Francisco and Duftler, Matthew and Khalaf, Rania and Nagy, William and Mukhi, Nirmal and Weerawarana, Sanjiva},
  journal={IEEE Internet computing},
  volume={6},
  number={2},
  pages={86},
  year={2002},
  publisher={IEEE Computer Society}
}

@article{fielding2000representational,
  title={Representational state transfer},
  author={Fielding, Roy},
  journal={Architectural Styles and the Design of Netowork-based Software Architecture},
  pages={76--85},
  year={2000}
}

@article{bizer2009linked,
  title={Linked data-the story so far},
  author={Bizer, Christian and Heath, Tom and Berners-Lee, Tim},
  journal={Semantic Services, Interoperability and Web Applications: Emerging Concepts},
  pages={205--227},
  year={2009}
}